
@misc{android,
	title = {Orodje Android Studio},
	author = {Web source},
	howpublished = "\url{https://developer.android.com/studio/intro/index.html}"
}

@misc{wrt,
	title = {Linksys WRT54GL},
	author = {Web source},
	howpublished = "\url{https://wiki.openwrt.org/toh/linksys/wrt54g}"
}

@misc{nexus,
	title = {Nexus 5},
	author = {Web source},
	howpublished = "\url{http://www.telekom.si/zasebni-uporabniki/mobiteli-in-naprave/mobiteli/lg-nexus-5}"
}

@misc{trilateration,
	title = {Trilateration},
	author = {Web source},
	howpublished = "\url{https://en.wikipedia.org/wiki/Trilateration}"
}

@misc{freespace,
	title = {Free-space path loss},
	author = {Web source},
	howpublished = "\url{https://en.wikipedia.org/wiki/Free-space_path_loss}"
}

@misc{survey,
	title = {A survey of indoor positioning systems and algorithms},
	author = {Web source},
	howpublished = "\url{https://www.researchgate.net/publication/224242434_A_survey_of_indoor_positioning_systems_and_algorithms}"
}

@misc{trilateriationTechnique,
	title = {Indoos position detection using wifi and trilateration technique},
	author = {Web source},
	howpublished = "\url{http://sdiwc.net/digital-library/download.php?id=00000223.pdf}"
}